<record><leader>00000cas a22000007a 4500</leader><controlfield tag="001">11746930</controlfield><controlfield tag="008">850228d19041912wiudn ne      0    0eng d</controlfield><datafield ind1=" " ind2=" " tag="010"><subfield code="a">sn 85040272 </subfield></datafield><datafield ind1=" " ind2=" " tag="040"><subfield code="a">NPV</subfield><subfield code="b">eng</subfield><subfield code="c">NPV</subfield><subfield code="d">OCLCQ</subfield></datafield><datafield ind1=" " ind2=" " tag="042"><subfield code="a">msc</subfield></datafield><datafield ind1=" " ind2=" " tag="043"><subfield code="a">n-us-wi</subfield></datafield><datafield ind1=" " ind2=" " tag="045"><subfield code="a">x0x1</subfield></datafield><datafield ind1=" " ind2=" " tag="052"><subfield code="a">4123</subfield><subfield code="b">L2</subfield></datafield><datafield ind1="0" ind2="0" tag="245"><subfield code="a">La Crosse daily chronicle.</subfield></datafield><datafield ind1="3" ind2="0" tag="246"><subfield code="a">La Crosse Sunday chronicle</subfield></datafield><datafield ind1=" " ind2=" " tag="260"><subfield code="a">La Crosse, Wis. :</subfield><subfield code="b">Chronicle Co.,</subfield><subfield code="c">1904-1912.</subfield></datafield><datafield ind1=" " ind2=" " tag="300"><subfield code="a">8 v. :</subfield><subfield code="b">ill.</subfield></datafield><datafield ind1=" " ind2=" " tag="310"><subfield code="a">Daily (except Mon.)</subfield></datafield><datafield ind1="0" ind2=" " tag="362"><subfield code="a">54th year, no. 70 (Aug. 17, 1904)-61st year, no. 144 (June 30, 1912).</subfield></datafield><datafield ind1=" " ind2=" " tag="500"><subfield code="a">Sunday issue has title: La Crosse Sunday chronicle.</subfield></datafield><datafield ind1=" " ind2=" " tag="500"><subfield code="a">Editor: R.B. Gelatt, Dec. 27, 1906-1912.</subfield></datafield><datafield ind1=" " ind2=" " tag="530"><subfield code="a">Available on microfilm from The State Historical Society of Wisconsin.</subfield></datafield><datafield ind1=" " ind2=" " tag="580"><subfield code="a">Also published in weekly ed.: The Weekly Chronicle (1903-1906); La Crosse weekly chronicle (1906-1912).</subfield></datafield><datafield ind1=" " ind2=" " tag="580"><subfield code="a">Daily issue absorbed by: La Crosse leader-press; Sunday issue continued by: La Crosse Sunday chronicle.</subfield></datafield><datafield ind1=" " ind2=" " tag="752"><subfield code="a">United States</subfield><subfield code="b">Wisconsin</subfield><subfield code="c">La Crosse</subfield><subfield code="d">La Crosse.</subfield></datafield><datafield ind1="1" ind2=" " tag="775"><subfield code="t">Weekly chronicle (La Crosse, Wis. : 1903)</subfield><subfield code="w">(DLC)sn 85040277</subfield></datafield><datafield ind1="1" ind2=" " tag="775"><subfield code="t">Crosse weekly chronicle</subfield><subfield code="w">(DLC)sn 85040278</subfield></datafield><datafield ind1="0" ind2="0" tag="780"><subfield code="t">Crosse morning chronicle</subfield><subfield code="w">(DLC)sn 85040271</subfield></datafield><datafield ind1="1" ind2="4" tag="785"><subfield code="t">Crosse leader-press</subfield></datafield><datafield ind1="1" ind2="1" tag="785"><subfield code="t">Crosse Sunday chronicle</subfield><subfield code="w">(DLC)sn 85040279</subfield></datafield><datafield ind1="1" ind2=" " tag="029"><subfield code="a">AU@</subfield><subfield code="b">000025798610</subfield></datafield></record>